@article{Zheng_past_pres_future,
  author    = {Liang Zheng, Yi Yang, and Alexander G. Hauptmann},
  title     = {Person Re-identification: Past, Present and Future},
  journal   = {CoRR},
  volume    = {abs/1610.02984},
  year      = {2015},
  url       = {http://arxiv.org/abs/1801.06146},
  archivePrefix = {arXiv},
  eprint    = {1610.02984}
}

@article{first_publications,
  author    = {W. Zajdel, Z. Zivkovic, and B. Krose},
  title     = {Keeping track of humans: Have I seen this person before?},
  journal   = {IEEE},
  year      = {2005}
}

@article{multi_shot_person_reid,
  author    = {L. Bazzani, M. Cristani, A. Perina, M. Farenzena, and V. Murino},
  title     = {Multiple-shot person re-identification by hpe signature},
  journal   = {IEEE},
  year      = {2010}
}

@article{re_id_by_support_vector_ranking,
  author    = {Bryan Prosser, Wei-Shi Zheng, Shaogang Gong, Tao Xiang},
  title     = {Person Re-Identification by Support Vector Ranking},
  year      = {2010}
}

@article{gabor_filters,
  author    = {I. Fogel, D. Sagi},
  title     = {Gabor Filters as Texture Discriminator},
  year      = {1989}
}

@article{schmid_filters,
  author    = {Cordelia Schmid},
  title     = {Constructing models for content-based image retrieval},
  journal   = {IEEE},
  year      = {2001}
}

@article{pcca,
  author    = {A. Mignon and F. Jurie},
  title     = {Pcca: A new approach for distance learning from sparse pairwise constraints},
  journal   = {IEEE},
  year      = {2012}
}

@article{fisher_vectors,
  author    = {Bingpeng Ma, Yu Su, and Fr´ed´eric Jurie},
  title     = {Local Descriptors Encoded by Fisher Vectors for Person Re-identification},
  journal   = {IEEE},
  year      = {2012}
}

@article{deep_for_re_id,
  author    = {D. Yi, Z. Lei, S. Liao, S. Z. Li et al.},
  title     = {Deep metric learning for person re-identification},
  journal   = {ICPR},
  year      = {2014}
}

@article{deep_filters_for_re_id,
  author    = {W. Li, R. Zhao, T. Xiao, and X. Wang},
  title     = {Deepreid: Deep filter pairing neural network for person re-identificatio},
  journal   = {IEEE},
  year      = {2014}
}

@article{siamese_network,
  author    = {Jane Bromley, Isabelle Guyon, Yann LeCun, Eduard Säckinger, and Roopak Shah},
  title     = {Signature verification using a "siamese" time delay neural network},
  year      = {1993}
}

@article{video_ranking_re-id,
  author    = {T. Wang, S. Gong, X. Zhu, and S. Wang},
  title     = {Person re-identification by video ranking},
  journal   = {European Conference on Computer Vision},
  year      = {2014}
}

@article{fisher_composition_for_video_reid,
  author    = {Kan Liu, Bingpeng Ma, Wei Zhang, Rui Huang},
  title     = {A Spatio-Temporal Appearance Representation for Video-Based Pedestrian Re-Identification},
  journal   = {IEEE},
  year      = {2015}
}

@article{temporally_aligned_pooling,
  author    = {C. Gao, J. Wang, L. Liu, J.-G. Yu, and N. Sang},
  title     = {Temporally aligned pooling representation for video-based person re-identificatio},
  journal   = {IEEE},
  year      = {2016}
}

@article{pooling_with_RNN,
  author    = {N. McLaughlin, J. Martinez del Rincon, and P. Miller},
  title     = {Recurrent Convolutional Network for Video-based Person Re-Identification},
  journal   = {IEEE},
  year      = {2016}
}


@article{recurrent_feature_aggregation_lstm,
  author    = {Yichao Yan, Bingbing Ni, Zhichao Song, Chao Ma, Yan Yan, Xiaokang Yang},
  title     = {Person Re-Identification via Recurrent Feature Aggregation},
  journal   = {ECCV},
  year      = {2016}
}

@article{MARS,
  author    = {Liang Zheng, Zhi Bie, Yifan Sun, Jingdong Wang, Chi Su, Shengjin Wang, Qi Tian},
  title     = {MARS: A Video Benchmark for Large-Scale Person Re-identification},
  journal   = {ECCV},
  year      = {2016}
}

@article{action_recognition,
  author    = {Heng Wang, Cordelia Schmid},
  title     = {Action recognition with improved trajectories.},
  journal   = {ICCV - IEEE},
  year      = {2013}
}

@article{long-term_re-id_true_motion,
  author    = {Peng Zhang, Qiang Wu, Jingsong Xu, Jian Zhang},
  title     = {Long-term Person Re-identification using True Motion from Videos Peng},
  journal   = {IEEE},
  year      = {2018}
}

@article{HOG_human_detection,
  author    = {N. Dalal and B. Triggs},
  title     = {Long-term Person Re-identification using True Motion from Videos Peng},
  journal   = {IEEE},
  year      = {2005}
}

@article{DL_for_vison,
  author    = {Athanasios Voulodimos, Nikolaos Doulamis, Anastasios Doulamis,  Eftychios Protopapadakis},
  title     = {Deep Learning for Computer Vision: A Brief Review},
  journal   = {IEEE},
  year      = {2017}
}

@misc{re_ID_data_overview,
  author = {"Mengran Gou"},
  year = {2019},
  publisher = {GitHub},
  journal = {GitHub repository},
  title = {Re-ID data set overview},
  howpublished = {\url{https://github.com/NEU-Gou/awesome-reid-dataset}},
  commit = {c4e59a436fa85a15389a2aa651734fe1f29fc5de}
}

@misc{xie15hed,
  author = {"Xie, Saining and Tu, Zhuowen"},
  title = {Holistically-Nested Edge Detection},
  year = {2015},
  publisher = {GitHub},
  journal = {GitHub repository},
  Booktitle = "Proceedings of IEEE International Conference on Computer Vision",
  howpublished = {\url{https://github.com/s9xie/hed}},
  commit = {94fb22f10cbfec8d84fbc0642b224022014b6bd6}
}

@article{ViPeR,
  author    = {Douglas Gray, Hai Tao},
  title     = {Viewpoint Invariant Pedestrian Recognition with an Ensemble of Localized Features},
  journal   = {ECCV},
  year      = {2008}
}

@article{MSMT17,
  author    = {Longhui Wei, Shiliang Zhang, Wen Gao, Qi Tian},
  title     = {Person Transfer GAN to Bridge Domain Gap for Person Re-Identification},
  journal   = {IEEE},
  year      = {2018}
}


@article{cuhk03,
  author    = {Wei Li Rui Zhao Tong Xiao Xiaogang Wang∗},
  title     = {DeepReID: Deep Filter Pairing Neural Network for Person Re-Identification},
  journal   = {IEEE},
  year      = {2014}
}

@article{market_dataset,
  author    = {Liang Zheng, Liyue Shen, Lu Tian, Shengjin Wang, Jingdong Wang, Qi Tian},
  title     = {Scalable Person Re-identification: A Benchmark},
  journal   = {IEEE},
  year      = {2015}
}

@online{class_imbalance,
  title = {Class Imbalance Problem},
  howpublished = {\url{https://link.springer.com/referenceworkentry/10.1007%2F978-0-387-30164-8_110}}
}

@online{DLWiki,
  title = {Deep learning},
  howpublished = {\url{https://en.wikipedia.org/wiki/Deep_learning}}
}

@online{LSTM_blog,
  title = {LSTM networks},
  howpublished = {\url{https://colah.github.io/posts/2015-08-Understanding-LSTMs/}}
}

@online{ConvNN_layer_img,
  title = {Convolutional layer},
  howpublished = {\url{https://www.kdnuggets.com/2019/07/convolutional-neural-networks-python-tutorial-tensorflow-keras.html}}
}


@book{NN_introduction,
    author    = "Ben Kröse, Patrick van der Smagt, and Patrick Smagt",
    title     = "An introduction to neural networks",
    year      = "1996",
    address   = "The Universityof Amsterdam"
}

@article{DL_for_computer_Vision,
  author    = {Athanasios Voulodimos, Nikolaos Doulamis, Anastasios Doulamis, Eftychios Protopapadakis},
  title     = {Deep Learning for Computer Vision: A Brief Review
Athanasios},
  journal   = {Hindawi},
  year      = {2018}
}

@article{RNN_long_term,
  author    = {Athanasios Voulodimos, Nikolaos Doulamis, Anastasios Doulamis, Eftychios Protopapadakis},
  title     = {Learning long-term dependencies with gradient descent is difficult},
  journal   = {IEEE},
  year      = {1994}
}

@article{LSTM_paper,
  author    = {Sepp Hochreiter, Juergen Schmidhuber},
  title     = {LONG SHORT-TERM MEMORY},
  year      = {1997}
}

@article{convLSTM,
  author    = {Xingjian SHI, Zhourong Chen, Hao Wang, Dit-Yan Yeung, Wai-kin Wong, Wang-chun WOO},
  title     = {Convolutional LSTM Network: A Machine Learning
Approach for Precipitation Nowcasting},
  year      = {2015}
}

@misc{openpifpaf,
  author = {Sven Kreiss, junedgar, george-adaimi},
  year = {2019},
  publisher = {GitHub},
  journal = {GitHub repository},
  title = {Composite Fields for Human Pose Estimation},
  howpublished = {\url{https://github.com/vita-epfl/openpifpaf}},
  commit = {bf8874aaf577bacdbbb150c33cea10f9a6dad193}
}

@InProceedings{kreiss2019pifpaf,
  author = {Kreiss, Sven and Bertoni, Lorenzo and Alahi, Alexandre},
  title = {PifPaf: Composite Fields for Human Pose Estimation},
  booktitle = {The IEEE Conference on Computer Vision and Pattern Recognition (CVPR)},
  month = {June},
  year = {2019}
}

@book{biometrics,
  author    = {Jain Anil, Bolle Ruud, Pankanti Sharath},
  title     = {Biometrics},
  year      = {1999}
}

@book{forensic_gait_analys,
  title     = {Forensic gait analysis: a primer for courts},
  year      = {2017}
}

@article{friend_by_gait,
  author    = {JAMES E. CUTTING and LYNN T. KOZLOWSKI},
  title     = {Recognizing friends by their walk: Gait perception without familiarity cues
JAMES},
journal= {Bulletin ofthe Psychonomic Society},
year      = {1977}
}

@article{gait_total_pattern,
  author    = {Murray MP},
  title     = {Gait as a total pattern ofmovement},
journal= {American Journal ofPhysical Medicine},
year      = {1967}
}

@online{batch_normalization,
  title = {Batch normalization layer},
  howpublished = {\url{https://keras.io/layers/normalization/}}
}

@article{openPifPaf_paper,
  author    = {Sven Kreiss, Lorenzo Bertoni, Alexandre Alahi},
  title     = {PifPaf: Composite Fields for Human Pose Estimation},
year      = {2019}
}

@article{resnet,
  author    = {K. He, X. Zhang, S. Ren, and J. Sun},
  title     = { Deep residual learning for image recognition},
  journal = {IEEE},
year      = {2016}
}

@online{sobel,
  title = {Sobel operator},
  howpublished = {\url{https://en.wikipedia.org/wiki/Sobel_operator}}
}

@online{canny,
  title = {Canny edge detector},
  howpublished = {\url{https://en.wikipedia.org/wiki/Canny_edge_detector}}
}

@article{deepedge,
  author    = {Gedas Bertasius, Jianbo Shi, Lorenzo Torresani},
  title     = {DeepEdge: A Multi-Scale Bifurcated Deep Network for Top-Down Contour Detection},
  journal = {CVPR},
year      = {2015}
}

@article{cscnn,
  author    = {Jyh-Jing Hwang, Tyng-Luh Liu},
  title     = {Pixel-wise Deep Learning for Contour Detection},
  journal = {ICLR},
year      = {2015}
}

@article{vgg,
  author    = {Jyh-Jing Hwang, Tyng-Luh Liu},
  title     = {VERY DEEP CONVOLUTIONAL NETWORKS FOR LARGE-SCALE IMAGE RECOGNITION},
  journal = {ICLR},
year      = {2015}
}


@article{deeply_supervised_nets,
  author    = {Chen-Yu Lee, Saining Xie, Patrick Gallagher, Zhengyou Zhang, Zhuowen Tu},
  title     = {Deeply-Supervised Nets},
  journal = {AISTATS},
year      = {2014}
}

@inproceedings{gafurov2007survey,
  title={A survey of biometric gait recognition: Approaches, security and challenges},
  author={Gafurov, Davrondzhon},
  booktitle={Annual Norwegian computer science conference},
  pages={19--21},
  year={2007},
  organization={Annual Norwegian Computer Science Conference Norway}
}